@misc{ example,
       author = "John Doe",
       title = "How To Cite",
       year = "2000" }